<record><leader>00000cas a2200000 a 4500</leader><controlfield tag="001">12245164</controlfield><controlfield tag="008">850709d18651939iluwr ne      0   a0eng c</controlfield><datafield ind1=" " ind2=" " tag="010"><subfield code="a">sn 85033750 </subfield></datafield><datafield ind1=" " ind2=" " tag="040"><subfield code="a">NPU</subfield><subfield code="b">eng</subfield><subfield code="c">NPU</subfield><subfield code="d">NVF</subfield><subfield code="d">OCLCQ</subfield><subfield code="d">NVF</subfield><subfield code="d">OCLCF</subfield><subfield code="d">NVF</subfield><subfield code="d">OCLCO</subfield></datafield><datafield ind1="1" ind2=" " tag="029"><subfield code="a">AU@</subfield><subfield code="b">000020383474</subfield></datafield><datafield ind1=" " ind2=" " tag="042"><subfield code="a">pcc</subfield></datafield><datafield ind1=" " ind2=" " tag="043"><subfield code="a">n-us-il</subfield></datafield><datafield ind1="0" ind2="0" tag="245"><subfield code="a">Jersey County Democrat.</subfield></datafield><datafield ind1=" " ind2=" " tag="260"><subfield code="a">Jerseyville, Ill. :</subfield><subfield code="b">Augustus Smith</subfield></datafield><datafield ind1=" " ind2=" " tag="300"><subfield code="a">v.</subfield></datafield><datafield ind1=" " ind2=" " tag="310"><subfield code="a">Weekly</subfield></datafield><datafield ind1="1" ind2=" " tag="362"><subfield code="a">Began in 1865.</subfield></datafield><datafield ind1="0" ind2=" " tag="362"><subfield code="a">-v. 75, no. 2 (Jan. 12, 1939).</subfield></datafield><datafield ind1=" " ind2=" " tag="580"><subfield code="a">Daily ed.: Daily Democrat (Jerseyville, Ill.), 1896-&lt;1930&gt;.</subfield></datafield><datafield ind1=" " ind2=" " tag="580"><subfield code="a">Merged with: Jersey County news, to form: Jersey County news Jersey County Democrat.</subfield></datafield><datafield ind1=" " ind2=" " tag="588"><subfield code="a">Description based on: Vol. 1, no. 5 (May 5, 1865).</subfield></datafield><datafield ind1=" " ind2="0" tag="651"><subfield code="a">Jerseyville (Ill.)</subfield><subfield code="v">Newspapers.</subfield></datafield><datafield ind1=" " ind2="0" tag="651"><subfield code="a">Jersey County (Ill.)</subfield><subfield code="v">Newspapers.</subfield></datafield><datafield ind1=" " ind2="7" tag="651"><subfield code="a">Illinois</subfield><subfield code="z">Jersey County.</subfield><subfield code="2">fast</subfield><subfield code="0">(OCoLC)fst01214995</subfield></datafield><datafield ind1=" " ind2="7" tag="651"><subfield code="a">Illinois</subfield><subfield code="z">Jerseyville.</subfield><subfield code="2">fast</subfield><subfield code="0">(OCoLC)fst01219154</subfield></datafield><datafield ind1=" " ind2="7" tag="655"><subfield code="a">Newspapers.</subfield><subfield code="2">fast</subfield><subfield code="0">(OCoLC)fst01423814</subfield></datafield><datafield ind1=" " ind2=" " tag="752"><subfield code="a">United States</subfield><subfield code="b">Illinois</subfield><subfield code="c">Jersey</subfield><subfield code="d">Jerseyville.</subfield></datafield><datafield ind1="1" ind2=" " tag="775"><subfield code="t">Daily Democrat (Jerseyville, Ill.)</subfield><subfield code="w">(DLC)sn 90054760</subfield><subfield code="w">(OCoLC)22966326</subfield></datafield><datafield ind1="1" ind2="7" tag="785"><subfield code="t">Jersey County news</subfield><subfield code="w">(DLC)sn 87082795</subfield><subfield code="w">(OCoLC)15876691</subfield></datafield><datafield ind1="1" ind2="7" tag="785"><subfield code="t">Jersey County news Jersey County Democrat</subfield><subfield code="w">(DLC)sn 90054755</subfield><subfield code="w">(OCoLC)22966848</subfield></datafield></record>